@PREAMBLE{
 "\providecommand{\noopsort}[1]{}" 
 # "\providecommand{\singleletter}[1]{#1}%" 
}

@ARTICLE{Firsdausi2018,
	author = "K. Sofjan Firdausi and H. Sugito and N. Kharisma Putri",
	title = "Simple direct observation of polarization changes of Rayleigh scattering on sugar solution at low concentration",
	year = "2018",
	journal = "Journal of Physics: Conference Series",
	volume = "1025",
	pages = "012009"
}